@article{1668144,
  author={Bayen, A.M. and Raffard, R.L. and Tomlin, C.J.},
  journal={IEEE Transactions on Control Systems Technology}, 
  title={Adjoint-based control of a new eulerian network model of air traffic flow}, 
  year={2006},
  volume={14},
  number={5},
  pages={804-818},
  keywords={Communication system traffic control;Air traffic control;Traffic control;Aircraft manufacture;Airports;Design optimization;Partial differential equations;Velocity control;Aerospace control;Grid computing;Adjoint-based optimization;control of partial differential equations;LWR PDE},
  doi={10.1109/TCST.2006.876904}}

@InProceedings{10.1007/978-3-540-30206-3_22,
author="Bernadsky, Mikhail
and Sharykin, Raman
and Alur, Rajeev",
editor="Lakhnech, Yassine
and Yovine, Sergio",
title="Structured Modeling of Concurrent Stochastic Hybrid Systems",
booktitle="Formal Techniques, Modelling and Analysis of Timed and Fault-Tolerant Systems",
year="2004",
publisher="Springer Berlin Heidelberg",
address="Berlin, Heidelberg",
pages="309--324"}

@inproceedings{inproceedings,
author = {Glover, William and Lygeros, John},
year = {2004},
month = {03},
pages = {372-386},
title = {A Stochastic Hybrid Model for Air Traffic Control Simulation},
volume = {2993},
isbn = {978-3-540-21259-1},
journal = {HSCC},
doi = {10.1007/978-3-540-24743-2_25}
}

@artice{SmartATMS,
author = {Koo, Tak-Kuen and Ma, Yi and Pappas, George and Tomlin, Claire},
year = {1997},
month = {01},
pages = {1199-1205},
title = {SmartATMS: A Simulator for Air Traffic Management Systems}
}